@article{silva2013data,
  title={Data stream clustering: A survey},
  author={Silva, Jonathan A and Faria, Elaine R and Barros, Rodrigo C and Hruschka, Eduardo R and de Carvalho, Andr{\'e} CPLF and Gama, Jo{\~a}o},
  journal={ACM Computing Surveys (CSUR)},
  volume={46},
  number={1},
  pages={13},
  year={2013},
  publisher={ACM}
}
@inproceedings{kranen2009self,
  title={Self-adaptive anytime stream clustering},
  author={Kranen, Philipp and Assent, Ira and Baldauf, Corinna and Seidl, Thomas},
  booktitle={Data Mining, 2009. ICDM'09. Ninth IEEE International Conference on},
  pages={249--258},
  year={2009},
  organization={IEEE}
}
@inproceedings{jin2015incremental,
  title={Incremental, distributed single-linkage hierarchical clustering algorithm using mapreduce},
  author={Jin, Chen and Chen, Zhengzhang and Hendrix, William and Agrawal, Ankit and Choudhary, Alok},
  booktitle={Proceedings of the Symposium on High Performance Computing},
  pages={83--92},
  year={2015},
  organization={Society for Computer Simulation International}
}
@inproceedings{jin2015scalable,
  title={A scalable hierarchical clustering algorithm using Spark},
  author={Jin, Chen and Liu, Ruoqian and Chen, Zhengzhang and Hendrix, William and Agrawal, Ankit and Choudhary, Alok},
  booktitle={Big Data Computing Service and Applications (BigDataService), 2015 IEEE First International Conference on},
  pages={418--426},
  year={2015},
  organization={IEEE}
}
@article{jin2013disc,
  title={Disc: A distributed single-linkage hierarchical clustering algorithm using MapReduce},
  author={Jin, Chen and Patwary, Md Mostofa Ali and Agrawal, Ankit and Hendrix, William and Liao, Wei-keng and Choudhary, Alok},
  journal={work},
  volume={23},
  pages={27}
}
@inproceedings{lattanzi2011filtering,
  title={Filtering: a method for solving graph problems in mapreduce},
  author={Lattanzi, Silvio and Moseley, Benjamin and Suri, Siddharth and Vassilvitskii, Sergei},
  booktitle={Proceedings of the twenty-third annual ACM symposium on Parallelism in algorithms and architectures},
  pages={85--94},
  year={2011},
  organization={ACM}
}
@article{sibson1973slink,
  title={SLINK: an optimally efficient algorithm for the single-link cluster method},
  author={Sibson, Robin},
  journal={The computer journal},
  volume={16},
  number={1},
  pages={30--34},
  year={1973},
  publisher={Oxford University Press}
}
@inproceedings{zhang1996birch,
  title={BIRCH: an efficient data clustering method for very large databases},
  author={Zhang, Tian and Ramakrishnan, Raghu and Livny, Miron},
  booktitle={ACM Sigmod Record},
  volume={25},
  number={2},
  pages={103--114},
  year={1996},
  organization={ACM}
}
@inproceedings{aggarwal2003framework,
  title={A framework for clustering evolving data streams},
  author={Aggarwal, Charu C and Han, Jiawei and Wang, Jianyong and Yu, Philip S},
  booktitle={Proceedings of the 29th international conference on Very large data bases-Volume 29},
  pages={81--92},
  year={2003},
  organization={VLDB Endowment}
}
@article{day1984efficient,
  title={Efficient algorithms for agglomerative hierarchical clustering methods},
  author={Day, William HE and Edelsbrunner, Herbert},
  journal={Journal of classification},
  volume={1},
  number={1},
  pages={7--24},
  year={1984},
  publisher={Springer}
}